%---------- ---------- ----------
%SARS-COV-2 & COVID-19
%---------- ---------- ----------

@misc{who_origin_sars-cov-2_2020,
    author = {World Health Organization},
	title = {Virus origin / {Origins} of the {SARS}-{CoV}-2 virus},
	year = {2020},
	month = feb,
	howpublished = {\url{https://www.who.int/emergencies/diseases/novel-coronavirus-2019/origins-of-the-virus}},
	note = {Accessed: 2022-05-06},
}

@misc{who_sars_nodate,
    author = {World Health Organization},
	title = {Severe {Acute} {Respiratory} {Syndrome} ({SARS})},
	howpublished = {\url{https://www.who.int/health-topics/severe-acute-respiratory-syndrome}},
	note = {Accessed: 2022-05-06},
}

@article{stadler_sars_2003,
	title = {{SARS} {\textemdash} beginning to understand a new virus},
	volume = {1},
	copyright = {2003 Nature Publishing Group},
	issn = {1740-1534},
	url = {https://www.nature.com/articles/nrmicro775},
	doi = {10.1038/nrmicro775},
	language = {en},
	number = {3},
	urldate = {2022-05-06},
	journal = {Nature Reviews Microbiology},
	author = {Stadler, Konrad and Masignani, Vega and Eickmann, Markus and Becker, Stephan and Abrignani, Sergio and Klenk, Hans-Dieter and Rappuoli, Rino},
	month = dec,
	year = {2003},
	note = {Number: 3
Publisher: Nature Publishing Group},
	keywords = {general, Infectious Diseases, Life Sciences, Medical Microbiology, Microbiology, Parasitology, Virology},
	pages = {209--218},
}

@article{chan-yeung_sars_2003,
	title = {{SARS}: epidemiology},
	volume = {8},
	issn = {1440-1843},
	shorttitle = {{SARS}},
	url = {https://onlinelibrary.wiley.com/doi/abs/10.1046/j.1440-1843.2003.00518.x},
	doi = {10.1046/j.1440-1843.2003.00518.x},
	language = {en},
	number = {s1},
	urldate = {2022-05-06},
	journal = {Respirology},
	author = {Chan-Yeung, Moira and Xu, Rui-Heng},
	year = {2003},
	keywords = {epidemiology, fatality rate, risk factors, severe acute respiratory syndrome, transmission},
	pages = {S9--S14},
}

@misc{who_dashboard_nodate,
    author = {World Health Organization},
	title = {{WHO} {Coronavirus} ({COVID}-19) {Dashboard}},
	language = {en},
    howpublished = {\url{https://covid19.who.int}},
    note = {Accessed: 2022-05-25},
}

@article{mofijur_impact_2021,
	title = {Impact of {COVID}-19 on the social, economic, environmental and energy domains: {Lessons} learnt from a global pandemic},
	volume = {26},
	issn = {2352-5509},
	shorttitle = {Impact of {COVID}-19 on the social, economic, environmental and energy domains},
	url = {https://www.sciencedirect.com/science/article/pii/S2352550920313567},
	doi = {10.1016/j.spc.2020.10.016},
	language = {en},
	urldate = {2022-05-25},
	journal = {Sustainable Production and Consumption},
	author = {Mofijur, M. and Fattah, I. M. Rizwanul and Alam, Md Asraful and Islam, A. B. M. Saiful and Ong, Hwai Chyuan and Rahman, S. M. Ashrafur and Najafi, G. and Ahmed, S. F. and Uddin, Md. Alhaz and Mahlia, T. M. I.},
	month = apr,
	year = {2021},
	keywords = {Coronavirus vaccine, Environmental pollution, Global Pandemic, NO emission, PM emission, SARS-CoV-2, Waste generation},
	pages = {343--359},
}

@article{brodeur_literature_2021,
	title = {A literature review of the economics of {COVID}-19},
	volume = {35},
	issn = {1467-6419},
	url = {https://onlinelibrary.wiley.com/doi/abs/10.1111/joes.12423},
	doi = {10.1111/joes.12423},
	language = {en},
	number = {4},
	urldate = {2022-05-25},
	journal = {Journal of Economic Surveys},
	author = {Brodeur, Abel and Gray, David and Islam, Anik and Bhuiyan, Suraiya},
	year = {2021},
	keywords = {coronavirus, COVID-19, economic impact, lockdowns, social impact},
	pages = {1007--1044},
}

@misc{nextstrain_ncov_nodate,
    author = {Nextrain.org},
	title = {Nextstrain / ncov / gisaid / global / 6m},
    howpublished = {\url{https://nextstrain.org/ncov/gisaid/global/6m}},
    note = {Accessed: 2022-05-03},
}

@article{pachetti_emerging_2020,
	title = {Emerging {SARS}-{CoV}-2 mutation hot spots include a novel {RNA}-dependent-{RNA} polymerase variant},
	volume = {18},
	issn = {1479-5876},
	url = {https://doi.org/10.1186/s12967-020-02344-6},
	doi = {10.1186/s12967-020-02344-6},
	language = {en},
	number = {1},
	urldate = {2022-05-25},
	journal = {Journal of Translational Medicine},
	author = {Pachetti, Maria and Marini, Bruna and Benedetti, Francesca and Giudici, Fabiola and Mauro, Elisabetta and Storici, Paola and Masciovecchio, Claudio and Angeletti, Silvia and Ciccozzi, Massimo and Gallo, Robert C. and Zella, Davide and Ippodrino, Rudy},
	month = apr,
	year = {2020},
	keywords = {COVID-19, Drug resistance, Europe, Mutation, Pneumonia, RdRp, RNA-dependent-RNA-polymerase, SARS-CoV-2, Viral mutagenesis},
	pages = {179},
}

@misc{who_sars-cov-2_variants,
    author = {World Health Organization},
    title = {Tracking {SARS}-{CoV}-2 variants},
    year = 2022,
    howpublished = {\url{https://www.who.int/en/activities/tracking-SARS-CoV-2-variants}},
    note = {Accessed: 2022-04-26},
}

@article{duong_alpha_2021,
    title = {Alpha, {Beta}, {Delta}, {Gamma}: {What}'s important to know about {SARS}-{CoV}-2 variants of concern?},
    volume = {193},
    issn = {0820-3946},
    shorttitle = {Alpha, {Beta}, {Delta}, {Gamma}},
    url = {https://www.ncbi.nlm.nih.gov/pmc/articles/PMC8342008/},
    doi = {10.1503/cmaj.1095949},
    number = {27},
    urldate = {2022-05-05},
    journal = {CMAJ : Canadian Medical Association Journal},
    author = {Duong, Diana},
    month = jul,
    year = {2021},
    pmid = {34253551},
    pmcid = {PMC8342008},
    pages = {E1059--E1060},
}

%---------- ---------- ----------
%Vaccines
%---------- ---------- ----------

@article{clem_fundamentals_2011,
	title = {Fundamentals of {Vaccine} {Immunology}},
	volume = {3},
	issn = {0974-777X},
	url = {https://www.ncbi.nlm.nih.gov/pmc/articles/PMC3068582/},
	doi = {10.4103/0974-777X.77299},
	number = {1},
	urldate = {2022-05-05},
	journal = {Journal of Global Infectious Diseases},
	author = {Clem, Angela S},
	year = {2011},
	pmid = {21572612},
	pmcid = {PMC3068582},
	pages = {73--78},
}

@article{woolhouse_host_2005,
	title = {Host {Range} and {Emerging} and {Reemerging} {Pathogens}},
	volume = {11},
	issn = {1080-6040},
	url = {https://www.ncbi.nlm.nih.gov/pmc/articles/PMC3367654/},
	doi = {10.3201/eid1112.050997},
	number = {12},
	urldate = {2022-06-09},
	journal = {Emerging Infectious Diseases},
	author = {Woolhouse, Mark E.J. and Gowtage-Sequeria, Sonya},
	month = dec,
	year = {2005},
	pmid = {16485468},
	pmcid = {PMC3367654},
	pages = {1842--1847},
}

@misc{policy_oidp_vaccine_2021,
	type = {Text},
	title = {Vaccine {Types}},
	language = {en},
	urldate = {2022-06-09},
	journal = {HHS.gov},
	author = {Policy (OIDP), Office of Infectious Disease {and} HIV/AIDS},
	month = apr,
	year = {2021},
	howpublished = {\url{https://www.hhs.gov/immunization/basics/types/index.html}},
	note = {Accessed: 2022-05-10},
}

@misc{oxford_vaccine_types_2021,
	author = {Oxford Vaccine Group, The University of Oxford},
	title = {Types of vaccine {\textbar} {Vaccine} {Knowledge}},
	language = {en},
	year = 2021,
	howpublished = {\url{https://vk.ovg.ox.ac.uk/vk/types-of-vaccine}},
	urldate = {2022-06-09},
	note = {Accessed: 2022-05-10},
}

@misc{niaid_vaccine_types_2019,
    author = {National Institute of Allergy and Infectious Diseases (NIAID)},
	title = {Vaccine {Types} {\textbar} {NIH}: {National} {Institute} of {Allergy} and {Infectious} {Diseases}},
	shorttitle = {Vaccine {Types} {\textbar} {NIH}},
	year = {2019},
	howpublished = {\url{https://www.niaid.nih.gov/research/vaccine-types}},
	language = {en},
	note = {Accessed: 2022-05-11},
}

@misc{ema_covid-19_2020,
	type = {Text},
	title = {{COVID}-19 vaccines: development, evaluation, approval and monitoring},
	shorttitle = {{COVID}-19 vaccines},
	url = {https://www.ema.europa.eu/en/human-regulatory/overview/public-health-threats/coronavirus-disease-covid-19/treatments-vaccines/vaccines-covid-19/covid-19-vaccines-development-evaluation-approval-monitoring},
	language = {en},
	urldate = {2022-05-05},
	journal = {European Medicines Agency},
	author = {EMA},
	month = oct,
	year = {2020},
}

@article{flaherty_vaccine-autism_2011,
	title = {The {Vaccine}-{Autism} {Connection}: {A} {Public} {Health} {Crisis} {Caused} by {Unethical} {Medical} {Practices} and {Fraudulent} {Science}},
	volume = {45},
	issn = {1060-0280},
	shorttitle = {The {Vaccine}-{Autism} {Connection}},
	url = {https://doi.org/10.1345/aph.1Q318},
	doi = {10.1345/aph.1Q318},
	language = {en},
	number = {10},
	urldate = {2022-07-11},
	journal = {Annals of Pharmacotherapy},
	author = {Flaherty, Dennis K},
	month = oct,
	year = {2011},
	note = {Publisher: SAGE Publications Inc},
	keywords = {MMR vaccine, regressive autism, Wakefield},
	pages = {1302--1304},
}

@misc{uk_hsa_measles_2022,
    author = {UK Health Security Agency},
	title = {Total laboratory-confirmed cases of measles in England and Wales},
	language = {en},
	journal = {GOV.UK},
	year = {2022},
	howpublished = {\url{https://www.gov.uk/government/publications/measles-confirmed-cases}},
	note = {Accessed: 2022-07-11},
}

@misc{phe_dhsd_vaccination_rates_2011,
    author = {Public Health England - Department of Health Statistics Division},
	title = {[{ARCHIVED} {CONTENT}] {HPA} - {Completed} {Primary} {Courses} at {Two} {Years} of {Age}: {England} and {Wales}, 1966 - 1977, {England} only 1978 onwards},
	year = {2011},
	howpublished = {\url{https://webarchive.nationalarchives.gov.uk/ukgwa/20140714111349/http://www.hpa.org.uk/web/HPAweb&HPAwebStandard/HPAweb_C/1195733819251}},
	note = {Accessed: 2022-07-11},
}

@article{francois_vaccine_2005,
	title = {Vaccine {Safety} {Controversies} and the {Future} of {Vaccination} {Programs}},
	volume = {24},
	issn = {0891-3668},
	url = {https://journals.lww.com/pidj/Abstract/2005/11000/Vaccine_Safety_Controversies_and_the_Future_of.3.aspx},
	doi = {10.1097/01.inf.0000183853.16113.a6},
	language = {en-US},
	number = {11},
	urldate = {2022-07-11},
	journal = {The Pediatric Infectious Disease Journal},
	author = {Fran{\c c}ois, Guido and Duclos, Philippe and Margolis, Harold and Lavanchy, Daniel and Siegrist, Claire-Anne and Meheus, Andr{\'e} and Lambert, Paul-Henri and Emiroglu, Nedret and Badur, Selim and Van Damme, Pierre},
	month = nov,
	year = {2005},
	pages = {953--961},
}





@misc{nauche_3043_2001,
    author = {Nauche, Philippe},
	title = {3043 - {Rapport} de {M}. {Philippe} {Nauche}: commission d'enquête - campagne de vaccination de masse contre l'hépatite {B}, à la responsabilité de l'{Etat} en la matière, à la prise en charge et à l'indemnisation des victimes ({AFFAIRES} {CULTURELLES})},
	url = {https://www.assemblee-nationale.fr/rap-reso/r3043.asp},
	urldate = {2022-08-17},
	year = {2001},
	month = may,
}

@misc{giacometti_derives_2001,
    author = {Giacometti, Eric},
    publisher = {Les Echos},
	title = {Les dérives de la campagne contre l'hépatite {B}},
	url = {https://www.lesechos.fr/2001/02/les-derives-de-la-campagne-contre-lhepatite-b-1052424},
	language = {fr},
	urldate = {2022-08-17},
	journal = {Les Echos},
	month = feb,
	year = {2001},
}

@misc{favereau_mensonges_canal_plus_liberation_2001,
	author = {Favereau, Eric},
    publisher = {Libération},
	title = {Retour sur informations - 90 minutes: «Hépatite B, mensonges autour d'un vaccin». Canal +, vers 21 h 45.},
	url = {https://www.liberation.fr/medias/2001/01/23/retour-sur-informations_352025/},
	language = {fr},
	urldate = {2022-08-17},
	journal = {Libération},
	year = {2001},
	month = jan,
}

@misc{bursaux_mensonges_le_monde_2001,
    author = {Bursaux, Elisabeth and Psenny, Daniel},
    publisher = {Le Monde},
	title = {Mensonges d'{Etat} - 90 MINUTES. Décorticage d'une opération de manipulation de la santé publique et de deux énigmes de l'ère Mitterrand},
	url = {https://www.lemonde.fr/archives/article/2001/01/21/mensonges-d-etat_4149215_1819218.html},
	language = {fr},
	urldate = {2022-08-17},
	journal = {Le Monde.fr},
	month = jan,
	year = {2001},
}

@misc{royo_vaccin_2009,
    author = {Royo, Constance and Leroi, Eglantine and Bézioua, Céline and Li, Xiang and Huang, Chongjun and Bruhière, Stéphanie},
	title = {Vaccin contre l’hépatite {B} et sclérose en plaques: {Les} médias},
	shorttitle = {Vaccin contre l’hépatite {B} et sclérose en plaques},
	url = {https://controverses.sciences-po.fr/archive/hepatiteb/wordpress/index-25596.html},
	language = {fr-FR},
	urldate = {2022-08-17},
	year = {2009},
}





@misc{nhs_first_vaccination,
    author = {National Health Service},
    title = {Landmark moment as first NHS patient receives COVID-19 vaccination},
    year = {2020},
    month = dec,
    howpublished = {\url{https://www.england.nhs.uk/2020/12/landmark-moment-as-first-nhs-patient-receives-covid-19-vaccination/}},
    note = {Accessed: 2022-08-07},
}

@misc{who_covid-19_vaccines_approved_2022,
    author = {World Health Organization},
	title = {Vaccines {\textendash} {COVID19} {Vaccine} {Tracker}},
    year = {2022},
	howpublished = {\url{https://covid19.trackvaccines.org/vaccines/approved/}},
	note = {Accessed: 2022-04-28},
}

@misc{who_covid-19_vaccines_2022,
    author = {World Health Organization},
	title = {{WHO} {\textendash} {COVID19} {Vaccine} {Tracker}},
    year = {2022},
	howpublished = {\url{https://covid19.trackvaccines.org/agency/who/}},
	note = {Accessed: 2022-04-28},
}

@misc{uk-dhsc_pfizer_vaccine_2020,
    author = {Department of Health and Social Care},
	title = {{UK} authorises {Pfizer}/{BioNTech} {COVID}-19 vaccine},
	year = {2020},
    month = dec,
	language = {en},
	urldate = {2022-06-28},
	journal = {GOV.UK},
	howpublished = {\url{https://www.gov.uk/government/news/uk-authorises-pfizer-biontech-covid-19-vaccine}},
}

@article{dolgin_tangled_2021,
	title = {The tangled history of {mRNA} vaccines},
	volume = {597},
	copyright = {2021 Nature},
	url = {https://www.nature.com/articles/d41586-021-02483-w},
	doi = {10.1038/d41586-021-02483-w},
	language = {en},
	number = {7876},
	urldate = {2022-07-11},
	journal = {Nature},
	author = {Dolgin, Elie},
	month = sep,
	year = {2021},
	note = {Bandiera\_abtest: a
        Cg\_type: News Feature
        Number: 7876
        Publisher: Nature Publishing Group
        Subject\_term: SARS-CoV-2, History, Intellectual-property rights, Vaccines},
	keywords = {History, Intellectual-property rights, SARS-CoV-2, Vaccines},
	pages = {318--324},
}

@article{weide_results_2008,
	title = {Results of the {First} {Phase} {I}/{II} {Clinical} {Vaccination} {Trial} {With} {Direct} {Injection} of {mRNA}},
	volume = {31},
	issn = {1524-9557},
	url = {https://journals.lww.com/immunotherapy-journal/Abstract/2008/02000/Results_of_the_First_Phase_I_II_Clinical.7.aspx},
	doi = {10.1097/CJI.0b013e31815ce501},
	language = {en-US},
	number = {2},
	urldate = {2022-06-28},
	journal = {Journal of Immunotherapy},
	author = {Weide, Benjamin and Carralot, Jean-Philippe and Reese, Anne and Scheel, Birgit and Eigentler, Thomas Kurt and Hoerr, Ingmar and Rammensee, Hans-Georg and Garbe, Claus and Pascolo, Steve},
	month = mar,
	year = {2008},
	pages = {180--188},
}

@article{sahin_mrna-based_2014,
	title = {{mRNA}-based therapeutics {\textemdash} developing a new class of drugs},
	volume = {13},
	copyright = {2014 Nature Publishing Group, a division of Macmillan Publishers Limited. All Rights Reserved.},
	issn = {1474-1784},
	url = {https://www.nature.com/articles/nrd4278},
	doi = {10.1038/nrd4278},
	language = {en},
	number = {10},
	urldate = {2022-06-28},
	journal = {Nature Reviews Drug Discovery},
	author = {Sahin, Ugur and Karik{\'o}, Katalin and T{\"u}reci, {\"O}zlem},
	month = oct,
	year = {2014},
	note = {Number: 10
Publisher: Nature Publishing Group},
	keywords = {Biologics, Drug development, RNA, RNA vaccines},
	pages = {759--780},
}

@misc{uuhc_covid-19_vaccines_2022,
    author = {University of Utah Health Communications},
	title = {{COVID}-19 {Vaccine} {Mythbusters}},
	year = {2022},
	month = feb,
	howpublished = {\url{https://healthcare.utah.edu/healthfeed/postings/2021/01/vaccine-myths.php}},
	language = {en},
	note = {Accessed: 2022-07-11},
}

@misc{care_is_2021,
	type = {Text},
	title = {Is it true? {Were} {COVID}-19 vaccines rushed through approvals or given emergency use authorisations in {Australia}?},
	shorttitle = {Is it true?},
	url = {https://www.health.gov.au/initiatives-and-programs/covid-19-vaccines/is-it-true/is-it-true-were-covid-19-vaccines-rushed-through-approvals-or-given-emergency-use-authorisations-in-australia},
	language = {en},
	journal = {Australian Government Department of Health and Aged Care},
	author = {Care, Australian Government Department of Health {and} Aged},
	month = mar,
	year = {2021},
	note = {Publisher: Australian Government Department of Health and Aged Care, Accessed: 2022-07-11},
}

@article{figueiredo_mapping_2020,
	title = {Mapping global trends in vaccine confidence and investigating barriers to vaccine uptake: a large-scale retrospective temporal modelling study},
	volume = {396},
	issn = {0140-6736, 1474-547X},
	shorttitle = {Mapping global trends in vaccine confidence and investigating barriers to vaccine uptake},
	url = {https://www.thelancet.com/article/S0140-6736(20)31558-0/fulltext},
	doi = {10.1016/S0140-6736(20)31558-0},
	language = {English},
	number = {10255},
	urldate = {2022-08-10},
	journal = {The Lancet},
	author = {Figueiredo, Alexandre de and Simas, Clarissa and Karafillakis, Emilie and Paterson, Pauline and Larson, Heidi J.},
	month = sep,
	year = {2020},
	pmid = {32919524},
	pages = {898--908},
}

@article{sallam_global_2022,
	title = {A {Global} {Map} of {COVID}-19 {Vaccine} {Acceptance} {Rates} per {Country}: {An} {Updated} {Concise} {Narrative} {Review}},
	volume = {15},
	shorttitle = {A {Global} {Map} of {COVID}-19 {Vaccine} {Acceptance} {Rates} per {Country}},
	url = {https://www.dovepress.com/a-global-map-of-covid-19-vaccine-acceptance-rates-per-country-an-updat-peer-reviewed-fulltext-article-JMDH},
	doi = {10.2147/JMDH.S347669},
	language = {English},
	urldate = {2022-08-10},
	journal = {Journal of Multidisciplinary Healthcare},
	author = {Sallam, Malik and Al-Sanafi, Mariam and Sallam, Mohammed},
	month = jan,
	year = {2022},
	pages = {21--45},
}

@article{mathieu_global_2021,
	title = {A global database of {COVID}-19 vaccinations},
	volume = {5},
	copyright = {2021 The Author(s), under exclusive licence to Springer Nature Limited},
	issn = {2397-3374},
	url = {https://www.nature.com/articles/s41562-021-01122-8},
	doi = {10.1038/s41562-021-01122-8},
	language = {en},
	number = {7},
	urldate = {2022-08-10},
	journal = {Nature Human Behaviour},
	author = {Mathieu, Edouard and Ritchie, Hannah and Ortiz-Ospina, Esteban and Roser, Max and Hasell, Joe and Appel, Cameron and Giattino, Charlie and Rodés-Guirao, Lucas},
	month = jul,
	year = {2021},
	keywords = {Epidemiology, Vaccines},
	pages = {947--953},
}

@article{ritchie_coronavirus_2020,
	title = {Coronavirus {Pandemic} ({COVID}-19) Vaccinations},
	howpublished = {\url{https://ourworldindata.org/covid-vaccinations}},
	urldate = {2022-08-10},
	journal = {Our World in Data},
	author = {Ritchie, Hannah and Mathieu, Edouard and Rodés-Guirao, Lucas and Appel, Cameron and Giattino, Charlie and Ortiz-Ospina, Esteban and Hasell, Joe and Macdonald, Bobbie and Beltekian, Diana and Roser, Max},
	month = mar,
	year = {2020},
}

%---------- ---------- ----------
%Simulation models
%---------- ---------- ----------

@inproceedings{axelrod_advancing_1997,
	address = {Berlin, Heidelberg},
	series = {Lecture {Notes} in {Economics} and {Mathematical} {Systems}},
	title = {Advancing the {Art} of {Simulation} in the {Social} {Sciences}},
	isbn = {978-3-662-03366-1},
	doi = {10.1007/978-3-662-03366-1_2},
	language = {en},
	booktitle = {Simulating {Social} {Phenomena}},
	publisher = {Springer},
	author = {Axelrod, Robert},
	editor = {Conte, Rosaria and Hegselmann, Rainer and Terna, Pietro},
	year = {1997},
	keywords = {Artificial Society, Organizational Code, Rational Choice, Simulation Research, Social Science Citation Index},
	pages = {21--40},
}

@inproceedings{bobashev_hybrid_2007,
	title = {A {Hybrid} {Epidemic} {Model}: {Combining} {The} {Advantages} {Of} {Agent}-{Based} {And} {Equation}-{Based} {Approaches}},
	shorttitle = {A {Hybrid} {Epidemic} {Model}},
	doi = {10.1109/WSC.2007.4419767},
	booktitle = {2007 {Winter} {Simulation} {Conference}},
	author = {Bobashev, Georgiy V. and Goedecke, D. Michael and Yu, Feng and Epstein, Joshua M.},
	month = dec,
	year = {2007},
	note = {ISSN: 1558-4305},
	keywords = {Diseases, Equations, Humans, Hybrid power systems, Influenza, Mathematical analysis, Mathematical model, Power generation economics, Statistics, Switches},
	pages = {1532--1537},
}

@article{adam_vigiflood_2020,
	journal={IDRiM Journal},
	doi={10.5595/001c.17844},
	number=1,
	publisher={IDRiM Society},
	title={VigiFlood: Evaluating the Impact of a Change of Perspective on Flood Vigilance},
	volume=10,
	author={Adam, Carole},
	pages={69--103},
	date={2020-10-27},
	year=2020,
	month=10,
	day=27,
}

@incollection{kennedy_modelling_2012,
	address = {Dordrecht},
	title = {Modelling {Human} {Behaviour} in {Agent}-{Based} {Models}},
	isbn = {978-90-481-8927-4},
	url = {https://doi.org/10.1007/978-90-481-8927-4_9},
	language = {en},
	urldate = {2022-07-13},
	booktitle = {Agent-{Based} {Models} of {Geographical} {Systems}},
	publisher = {Springer Netherlands},
	author = {Kennedy, William G.},
	editor = {Heppenstall, Alison J. and Crooks, Andrew T. and See, Linda M. and Batty, Michael},
	year = {2012},
	doi = {10.1007/978-90-481-8927-4_9},
	keywords = {Appraisal Theory, Cognitive Architecture, Human Behaviour, Internal State Variable, Uniform Random Distribution},
	pages = {167--179},
}

@article{gaudou_comokit_2020,
	title = {{COMOKIT}: {A} {Modeling} {Kit} to {Understand}, {Analyze}, and {Compare} the {Impacts} of {Mitigation} {Policies} {Against} the {COVID}-19 {Epidemic} at the {Scale} of a {City}},
	volume = {8},
	issn = {2296-2565},
	shorttitle = {{COMOKIT}},
	url = {https://www.frontiersin.org/articles/10.3389/fpubh.2020.563247},
	urldate = {2022-07-07},
	journal = {Frontiers in Public Health},
	author = {Gaudou, Benoit and Huynh, Nghi Quang and Philippon, Damien and Brugi{\`e}re, Arthur and Chapuis, Kevin and Taillandier, Patrick and Larmande, Pierre and Drogoul, Alexis},
	year = {2020},
}

@article{taillandier_building_2019,
	title = {Building, composing and experimenting complex spatial models with the {GAMA} platform},
	volume = {23},
	issn = {1573-7624},
	url = {https://doi.org/10.1007/s10707-018-00339-6},
	doi = {10.1007/s10707-018-00339-6},
	language = {en},
	number = {2},
	urldate = {2022-07-07},
	journal = {GeoInformatica},
	author = {Taillandier, Patrick and Gaudou, Benoit and Grignard, Arnaud and Huynh, Quang-Nghi and Marilleau, Nicolas and Caillou, Philippe and Philippon, Damien and Drogoul, Alexis},
	month = apr,
	year = {2019},
	keywords = {Agent-based modeling, Modeling language, Platform, Spatial simulation},
	pages = {299--322},
}

@article{lorig_agent-based_2021,
	title = {Agent-based {Social} {Simulation} of the {Covid}-19 {Pandemic} : {A} {Systematic} {Review}},
	volume = {24},
	shorttitle = {Agent-based {Social} {Simulation} of the {Covid}-19 {Pandemic}},
	url = {http://urn.kb.se/resolve?urn=urn:nbn:se:mau:diva-44859},
	language = {eng},
	number = {3},
	urldate = {2022-07-08},
	journal = {JASSS: Journal of Artificial Societies and Social Simulation},
	author = {Lorig, Fabian and Johansson, Emil and Davidsson, Paul},
	year = {2021},
	note = {Publisher: JASSS},
}

@article{strandberg2020coronavirus,
    title = {Coronavirus: US and UK governments losing public trust},
    author = {Strandberg, Thomas},
    journal = {The Conversation.},
    howpublished = {\url{https://theconversation.com/coronavirus-us-and-uk-governmentslosing-public-trust-137713}},
    language = {en},
    year = {2020},
}

@article{goldstein2021lockdown,
    title = {Lockdown fatigue: The diminishing effects of quarantines on the spread of COVID-19},
    author = {Goldstein, Patricio and Levy Yeyati, Eduardo and Sartorio, Luca},
    journal = {CID Working Paper Series},
    year = {2021},
    publisher = {Center for International Development at Harvard University}
}

@misc{gautreau_informations_contradictoires_2020,
    author = {Gautreau, Emilie and Krempf, Antoine and Pontillon, Thomas and Roux, Gérald},
	title = {Masques, deuxi{\`e}me vague, tests... {Une} ann{\'e}e d'informations contradictoires sur le {Covid}-19},
	howpublished = {\url{https://www.francetvinfo.fr/sante/maladie/coronavirus/confinement/masques-deuxieme-vague-tests-une-annee-d-informations-contradictoires-sur-le-covid-19_4220665.html}},
	language = {fr-FR},
	journal = {Franceinfo},
	month = dec,
	year = {2020},
	note = {Accessed: 2022-07-12},
}

@misc{mazoue_masque_inutile_a_obligatoire_2020,
    author = {Mazoue, Aude},
	title = {D'inutile {\`a} obligatoire, comment le gouvernement a chang{\'e} de discours sur le masque},
	howpublished = {\url{https://www.france24.com/fr/20200807-covid-19-variation-du-discours-politique-sur-le-port-du-masque-en-france}},
	language = {fr},
	journal = {France 24},
	month = aug,
	year = {2020},
	note = {Section: france, Accessed: 2022-07-12},
}

@misc{oecd_transparency_disinformation_2020,
    author = {OECD},
	title = {Transparency, communication and trust: {The} role of public communication in responding to the wave of disinformation about the new {Coronavirus}},
	shorttitle = {Transparency, communication and trust},
	howpublished = {\url{https://www.oecd.org/coronavirus/policy-responses/transparency-communication-and-trust-the-role-of-public-communication-in-responding-to-the-wave-of-disinformation-about-the-new-coronavirus-bef7ad6e/}},
	language = {en},
	journal = {OECD},
	year = {2020},
	note = {Accessed: 2022-07-12},
}

@article{enria_trust_survey_2021,
	title = {Trust and transparency in times of crisis: {Results} from an online survey during the first wave ({April} 2020) of the {COVID}-19 epidemic in the {UK}},
	volume = {16},
	issn = {1932-6203},
	shorttitle = {Trust and transparency in times of crisis},
	url = {https://journals.plos.org/plosone/article?id=10.1371/journal.pone.0239247},
	doi = {10.1371/journal.pone.0239247},
	language = {en},
	number = {2},
	urldate = {2022-07-12},
	journal = {PLOS ONE},
	author = {Enria, Luisa and Waterlow, Naomi and Rogers, Nina Trivedy and Brindle, Hannah and Lal, Sham and Eggo, Rosalind M. and Lees, Shelley and Roberts, Chrissy h},
	month = feb,
	year = {2021},
	note = {Publisher: Public Library of Science},
	keywords = {Communications, COVID 19, Decision making, Educational attainment, Governments, Pandemics, Scotland, Surveys},
	pages = {e0239247},
}

@article{erku_misinformation_2021,
	title = {When fear and misinformation go viral: {Pharmacists}' role in deterring medication misinformation during the 'infodemic' surrounding {COVID}-19},
	volume = {17},
	issn = {1551-7411},
	shorttitle = {When fear and misinformation go viral},
	url = {https://www.sciencedirect.com/science/article/pii/S1551741120304551},
	doi = {10.1016/j.sapharm.2020.04.032},
	language = {en},
	number = {1},
	urldate = {2022-07-12},
	journal = {Research in Social and Administrative Pharmacy},
	author = {Erku, Daniel A. and Belachew, Sewunet A. and Abrha, Solomon and Sinnollareddy, Mahipal and Thomas, Jackson and Steadman, Kathryn J. and Tesfaye, Wubshet H.},
	month = jan,
	year = {2021},
	keywords = {Coronavirus, COVID-19, Misinformation, Pandemics, Pharmacists},
	pages = {1954--1963},
}

@article{abd-alrazaq_top_2020,
	title = {Top {Concerns} of {Tweeters} {During} the {COVID}-19 {Pandemic}: {Infoveillance} {Study}},
	volume = {22},
	shorttitle = {Top {Concerns} of {Tweeters} {During} the {COVID}-19 {Pandemic}},
	url = {https://www.jmir.org/2020/4/e19016},
	doi = {10.2196/19016},
	language = {EN},
	number = {4},
	urldate = {2022-08-10},
	journal = {Journal of Medical Internet Research},
	author = {Abd-Alrazaq, Alaa and Alhuwail, Dari and Househ, Mowafa and Hamdi, Mounir and Shah, Zubair},
	month = apr,
	year = {2020},
	pages = {e19016},
}

@article{hornsey_psychological_2018,
	title = {The psychological roots of anti-vaccination attitudes: {A} 24-nation investigation},
	volume = {37},
	issn = {1930-7810},
	shorttitle = {The psychological roots of anti-vaccination attitudes},
	doi = {10.1037/hea0000586},
	number = {4},
	journal = {Health Psychology},
	author = {Hornsey, Matthew J. and Harris, Emily A. and Fielding, Kelly S.},
	year = {2018},
	note = {Place: US
Publisher: American Psychological Association},
	keywords = {Health Attitudes, Health Education, Health Literacy, Immunization, Test Construction, Vaccination Attitudes},
	pages = {307--315},
}

@article{soares_factors_2021,
	title = {Factors {Associated} with {COVID}-19 {Vaccine} {Hesitancy}},
	volume = {9},
	copyright = {http://creativecommons.org/licenses/by/3.0/},
	issn = {2076-393X},
	url = {https://www.mdpi.com/2076-393X/9/3/300},
	doi = {10.3390/vaccines9030300},
	language = {en},
	number = {3},
	urldate = {2022-07-12},
	journal = {Vaccines},
	author = {Soares, Patricia and Rocha, Jo{\~a}o Victor and Moniz, Marta and Gama, Ana and Laires, Pedro Almeida and Pedro, Ana Rita and Dias, S{\'o}nia and Leite, Andreia and Nunes, Carla},
	month = mar,
	year = {2021},
	note = {Number: 3
Publisher: Multidisciplinary Digital Publishing Institute},
	keywords = {COVID-19, vaccination, vaccine hesitancy},
	pages = {300},
}

@article{forman_covid-19_2021,
	title = {{COVID}-19 vaccine challenges: {What} have we learned so far and what remains to be done?},
	volume = {125},
	issn = {0168-8510},
	shorttitle = {{COVID}-19 vaccine challenges},
	url = {https://www.sciencedirect.com/science/article/pii/S0168851021000853},
	doi = {10.1016/j.healthpol.2021.03.013},
	language = {en},
	number = {5},
	urldate = {2022-07-13},
	journal = {Health Policy},
	author = {Forman, Rebecca and Shah, Soleil and Jeurissen, Patrick and Jit, Mark and Mossialos, Elias},
	month = may,
	year = {2021},
	pages = {553--567},
}

@misc{lci_covid-19_2022,
    author = {La rédaction de LCI},
	title = {Covid-19 : les non-vaccin{\'e}s repr{\'e}sentent 56\% des entr{\'e}es en soins critiques et 42\% des d{\'e}c{\`e}s},
	shorttitle = {Covid-19},
	howpublished = {\url{https://www.tf1info.fr/sante/covid-19-les-non-vaccines-contre-le-coronavirus-representent-56-des-entrees-en-soins-critiques-a-l-hoptital-et-42-des-deces-2206637.html}},
	language = {fr},
	urldate = {2022-07-13},
	journal = {TF1 INFO},
	month = jan,
	year = {2022},
	note = {Section: Sant{\'e} et bien {\^e}tre},
}

@misc{bfmtv_tweet_reanimation_2021,
	type = {Tweet},
	title = {{EN} {DIRECT} {Covid}-19: {Patrick} {Pelloux} indique que "75\% des malades qui sont en r{\'e}animation sont des malades non-vaccin{\'e}s"},
	howpublished = {\url{https://twitter.com/BFMTV/status/1471539246985060360}},
	language = {fr},
	journal = {Twitter},
	author = {{BFMTV [@BFMTV]}},
	month = dec,
	year = {2021},
}

@article{machingaidze_understanding_2021,
	title = {Understanding {COVID}-19 vaccine hesitancy},
	volume = {27},
	copyright = {2021 Springer Nature America, Inc.},
	issn = {1546-170X},
	url = {https://www.nature.com/articles/s41591-021-01459-7},
	doi = {10.1038/s41591-021-01459-7},
	language = {en},
	number = {8},
	urldate = {2022-07-13},
	journal = {Nature Medicine},
	author = {Machingaidze, Shingai and Wiysonge, Charles Shey},
	month = aug,
	year = {2021},
	note = {Number: 8
Publisher: Nature Publishing Group},
	keywords = {Medical research, Scientific community},
	pages = {1338--1339},
}

@article{tentori_misunderstanding_2021,
	title = {The misunderstanding of vaccine efficacy},
	volume = {289},
	issn = {0277-9536},
	url = {https://www.sciencedirect.com/science/article/pii/S0277953621006055},
	doi = {10.1016/j.socscimed.2021.114273},
	language = {en},
	urldate = {2022-07-13},
	journal = {Social Science \& Medicine},
	author = {Tentori, K. and Passerini, A. and Timberlake, B. and Pighin, S.},
	month = nov,
	year = {2021},
	keywords = {Covid-19, Risk communication, SARS-CoV-2 vaccine, Vaccine efficacy},
	pages = {114273},
}

@misc{lardeur_covid-19_2021,
	title = {Covid-19~: pourquoi les vaccin{\'e}s sont-ils plus nombreux que les non-vaccin{\'e}s {\`a} {\^e}tre admis dans les h{\^o}pitaux~?},
	issn = {1760-6454},
	shorttitle = {Covid-19},
	howpublished = {\url{https://www.sudouest.fr/sante/covid-19-pourquoi-les-vaccines-sont-ils-plus-nombreux-que-les-non-vaccines-a-etre-admis-dans-les-hopitaux-7018222.php}},
	journal = {Sud Ouest},
	language = {fr-FR},
	urldate = {2022-07-13},
	author = {Lardeur, Rapha{\"e}l},
	month = nov,
	year = {2021},
}

@inproceedings{doussin:hal-03500261,
    title = {{Combining SIR and agent-based models of the COVID-19 epidemics}},
    author = {Doussin, Beno{\^i}t and Adam, Carole and Georges, Didier},
    url = {https://hal.archives-ouvertes.fr/hal-03500261/},
    booktitle = {{GAMA Days 2021 - 1st conference GAMA Days}},
    address = {Toulouse (Online), France},
    organization = {{Fr{\'e}d{\'e}ric Amblard and Kevin Chapuis and Alexis Drogoul and Benoit Gaudou and Dominique Longin and Nicolas Verstaevel}},
    editor = {Fr{\'e}d{\'e}ric Amblard and Kevin Chapuis and Alexis Drogoul and Benoit Gaudou and Dominique Longin and Nicolas Verstaevel},
    year = {2021},
    month = Jun,
    keywords = {Compartmental models ; agent-based models ; SARS-COV-2 ; Spread prediction},
    hal_id = {hal-03500261},
    hal_version = {v1},
}

@misc{doussin_multi-scale_2021,
	title = {Multi-scale simulation of {COVID}-19 epidemics},
	url = {},
	doi = {10.48550/arXiv.2112.01167},
	urldate = {2022-06-21},
	publisher = {arXiv},
	author = {Doussin, Benoit and Adam, Carole and Georges, Didier},
	month = dec,
	year = {2021},
	note = {Number: arXiv:2112.01167 [physics, q-bio]},
	keywords = {Computer Science - Computers and Society, Computer Science - Multiagent Systems, Physics - Physics and Society, Quantitative Biology - Populations and Evolution},
}

@article{castro_e_silva_successive_2022,
	title = {Successive {Pandemic} {Waves} with {Different} {Virulent} {Strains} and the {Effects} of {Vaccination} for {SARS}-{CoV}-2},
	volume = {10},
	copyright = {http://creativecommons.org/licenses/by/3.0/},
	issn = {2076-393X},
	url = {https://www.mdpi.com/2076-393X/10/3/343},
	doi = {10.3390/vaccines10030343},
	language = {en},
	number = {3},
	urldate = {2022-06-21},
	journal = {Vaccines},
	author = {Castro e Silva, Alcides and Bernardes, Am{\'e}rico Trist{\~a}o and Barbosa, Eduardo Augusto Gon{\c c}alves and Chagas, Igor Aparecido Santana das and D{\'a}ttilo, Wesley and Reis, Alexandre Barbosa and Ribeiro, S{\'e}rvio Pontes},
	month = mar,
	year = {2022},
	note = {Number: 3 Publisher: Multidisciplinary Digital Publishing Institute},
	keywords = {ABM-SIR model, COVID-19, pandemic, vaccination},
	pages = {343},
}

@misc{martin_covid19_2020,
	title = {{COVID}-19 {VIRUS} {SPREAD}, by {Nich} {Martin} (model {ID} 6282) -- {NetLogo} {Modeling} {Commons}},
	author = {Martin, Nich},
	howpublished = {\url{http://modelingcommons.org/browse/one_model/6282\#model_tabs_browse_info}},
	year = {2020},
}

@misc{who_first_covid-19_vaccine_2020,
	title = {{WHO} issues its first emergency use validation for a {COVID}-19 vaccine and emphasizes need for equitable global access},
	author = {World Health Organization},
	language = {en},
	year = {2020},
	howpublished = {\url{https://www.who.int/news/item/31-12-2020-who-issues-its-first-emergency-use-validation-for-a-covid-19-vaccine-and-emphasizes-need-for-equitable-global-access}},
	note = {Accessed: 2022-06-21},
}

@article{enria2021trust,
    title={Trust and transparency in times of crisis: Results from an online survey during the first wave (April 2020) of the COVID-19 epidemic in the UK},
    author={Enria, Luisa and Waterlow, Naomi and Rogers, Nina Trivedy and Brindle, Hannah and Lal, Sham and Eggo, Rosalind M and Lees, Shelley and Roberts, Chrissy H},
    journal={PloS one},
    volume={16},
    number={2},
    pages={e0239247},
    year={2021},
    publisher={Public Library of Science San Francisco, CA USA}
}

@book{organisation2020transparency,
    title={Transparency, Communication and Trust: The Role of Public Communication in Responding to the Wave of Disinformation about the New Coronavirus},
    author={Organisation for Economic Co-operation and Development},
    year={2020},
    publisher={OECD Publishing}
}

@article{nieves2021infodemic,
    title={Infodemic: fake news and COVID-19 mortality trends in six Latin American countries},
    author={Nieves-Cuervo, Giselly Mayerly and Manrique-Hern{\'a}ndez, Edgar F and Robledo-Colonia, Angelo Fernando and Grillo, Ardila Elvia Karina},
    journal={Revista Panamericana de Salud Publica= Pan American Journal of Public Health},
    volume={45},
    pages={e44--e44},
    year={2021}
}

@article{bourgais2018emotion,
    title={Emotion modeling in social simulation: a survey},
    author={Bourgais, Mathieu and Taillandier, Patrick and Vercouter, Laurent and Adam, Carole},
    journal={Journal of Artificial Societies and Social Simulation},
    volume={21},
    number={2},
    year={2018}
}

@article{sobkowicz2018,
    title = {Opinion Dynamics Model Based on Cognitive Biases of Complex Agents},
    author = {Sobkowicz, Pawel},
    journal = {Journal of Artificial Societies and Social Simulation},
    issn = {1460-7425},
    volume = {21},
    number = {4},
    pages = {8},
    year = {2018},
    url = {http://jasss.soc.surrey.ac.uk/21/4/8.html},
    doi = {10.18564/jasss.3867},
    keywords = {Opinion Change, Motivated Reasoning, Confirmation Bias, Complex Agents, Agent Based Model},
}

@article{romero-brufau_public_2021,
	title = {Public health impact of delaying second dose of {BNT162b2} or {mRNA}-1273 covid-19 vaccine: simulation agent based modeling study},
	volume = {373},
	copyright = {{\textcopyright} Author(s) (or their employer(s)) 2019. Re-use permitted under CC                 BY-NC. No commercial re-use. See rights and permissions. Published by                 BMJ.. http://creativecommons.org/licenses/by-nc/4.0/This is an Open Access article distributed in accordance with the Creative Commons Attribution Non Commercial (CC BY-NC 4.0) license, which permits others to distribute, remix, adapt, build upon this work non-commercially, and license their derivative works on different terms, provided the original work is properly cited and the use is non-commercial. See: http://creativecommons.org/licenses/by-nc/4.0/.},
	issn = {1756-1833},
	shorttitle = {Public health impact of delaying second dose of {BNT162b2} or {mRNA}-1273 covid-19 vaccine},
	url = {https://www.bmj.com/content/373/bmj.n1087},
	doi = {10.1136/bmj.n1087},
	language = {en},
	urldate = {2022-07-15},
	journal = {BMJ},
	author = {Romero-Brufau, Santiago and Chopra, Ayush and Ryu, Alex J. and Gel, Esma and Raskar, Ramesh and Kremers, Walter and Anderson, Karen S. and Subramanian, Jayakumar and Krishnamurthy, Balaji and Singh, Abhishek and Pasupathy, Kalyan and Dong, Yue and O'Horo, John C. and Wilson, Walter R. and Mitchell, Oscar and Kingsley, Thomas C.},
	month = may,
	year = {2021},
	pmid = {33980718},
	note = {Publisher: British Medical Journal Publishing Group
Section: Research},
	pages = {n1087},
}

@article{jahn_targeted_2021,
	title = {Targeted {COVID}-19 {Vaccination} ({TAV}-{COVID}) {Considering} {Limited} {Vaccination} {Capacities}{\textemdash}{An} {Agent}-{Based} {Modeling} {Evaluation}},
	volume = {9},
	copyright = {http://creativecommons.org/licenses/by/3.0/},
	issn = {2076-393X},
	url = {https://www.mdpi.com/2076-393X/9/5/434},
	doi = {10.3390/vaccines9050434},
	language = {en},
	number = {5},
	urldate = {2022-07-15},
	journal = {Vaccines},
	author = {Jahn, Beate and Sroczynski, Gaby and Bicher, Martin and Rippinger, Claire and M{\"u}hlberger, Nikolai and Santamaria, J{\'u}lia and Urach, Christoph and Schomaker, Michael and Stojkov, Igor and Schmid, Daniela and Weiss, G{\"u}nter and Wiedermann, Ursula and Redlberger-Fritz, Monika and Druml, Christiane and Kretzschmar, Mirjam and Paulke-Korinek, Maria and Ostermann, Herwig and Czasch, Caroline and Endel, Gottfried and Bock, Wolfgang and Popper, Nikolas and Siebert, Uwe},
	month = may,
	year = {2021},
	note = {Number: 5
Publisher: Multidisciplinary Digital Publishing Institute},
	keywords = {agent-based simulation, COVID-19, decision-analytic modeling, health policy decision making, optimization, policy guidance, prioritization, SARS-CoV-2, vaccination, vaccination strategy},
	pages = {434},
}

@article{truszkowska_high-resolution_2021,
	title = {High-{Resolution} {Agent}-{Based} {Modeling} of {COVID}-19 {Spreading} in a {Small} {Town}},
	volume = {4},
	issn = {2513-0390},
	url = {https://onlinelibrary.wiley.com/doi/abs/10.1002/adts.202000277},
	doi = {10.1002/adts.202000277},
	language = {en},
	number = {3},
	urldate = {2022-07-15},
	journal = {Advanced Theory and Simulations},
	author = {Truszkowska, Agnieszka and Behring, Brandon and Hasanyan, Jalil and Zino, Lorenzo and Butail, Sachit and Caroppo, Emanuele and Jiang, Zhong-Ping and Rizzo, Alessandro and Porfiri, Maurizio},
	year = {2021},
	note = {\_eprint: https://onlinelibrary.wiley.com/doi/pdf/10.1002/adts.202000277},
	keywords = {agent-based models, COVID-19, epidemiology, vaccination},
	pages = {2000277},
}

@article{alagoz_impact_2021,
	title = {The impact of vaccination to control {COVID}-19 burden in the {United} {States}: {A} simulation modeling approach},
	volume = {16},
	issn = {1932-6203},
	shorttitle = {The impact of vaccination to control {COVID}-19 burden in the {United} {States}},
	url = {https://journals.plos.org/plosone/article?id=10.1371/journal.pone.0254456},
	doi = {10.1371/journal.pone.0254456},
	language = {en},
	number = {7},
	urldate = {2022-07-15},
	journal = {PLOS ONE},
	author = {Alagoz, Oguzhan and Sethi, Ajay K. and Patterson, Brian W. and Churpek, Matthew and Alhanaee, Ghalib and Scaria, Elizabeth and Safdar, Nasia},
	month = jul,
	year = {2021},
	note = {Publisher: Public Library of Science},
	keywords = {Agent-based modeling, COVID 19, Immunity, Pandemics, SARS CoV 2, Vaccination and immunization, Vaccines, Viral vaccines},
	pages = {e0254456},
}

@article{faucher_agent-based_2022,
	title = {Agent-based modelling of reactive vaccination of workplaces and schools against {COVID}-19},
	volume = {13},
	copyright = {2022 The Author(s)},
	issn = {2041-1723},
	url = {https://www.nature.com/articles/s41467-022-29015-y},
	doi = {10.1038/s41467-022-29015-y},
	language = {en},
	number = {1},
	urldate = {2022-07-15},
	journal = {Nature Communications},
	author = {Faucher, Benjamin and Assab, Rania and Roux, Jonathan and Levy-Bruhl, Daniel and Tran Kiem, C{\'e}cile and Cauchemez, Simon and Zanetti, Laura and Colizza, Vittoria and Bo{\"e}lle, Pierre-Yves and Poletto, Chiara},
	month = mar,
	year = {2022},
	note = {Number: 1
Publisher: Nature Publishing Group},
	keywords = {Computational models, Computational science, Epidemiology},
	pages = {1414},
}

@article{vaccines9080809,
    author = {Sobkowicz, Pawel and Sobkowicz, Antoni},
    title = {Agent Based Model of Anti-Vaccination Movements: Simulations and Comparison with Empirical Data},
    journal = {Vaccines},
    volume = {9},
    year = {2021},
    number = {8},
    article-number = {809},
    url = {https://www.mdpi.com/2076-393X/9/8/809},
    issn = {2076-393X},
    doi = {10.3390/vaccines9080809}
}

@article{pilichowski2021enhancing,
    title={Enhancing public trust in COVID-19 vaccination: The role of governments},
    author={Pilichowski, E and Scarpetta, S and Brezzi, M and Colombo, F and Lopert, R and Wenzi, M and others},
    journal={Paris (FRC): Organisation for Economic Co-operation and Development},
    year={2021}
}

@misc{writer_build_trust_covid_vaccine_2020,
	title = {How to build trust in a {COVID} vaccine},
	howpublished = {\url{https://news.harvard.edu/gazette/story/2020/09/how-to-build-trust-in-a-covid-vaccine/}},
	abstract = {A public campaign to build trust may be needed if a successful vaccine candidate is to be taken by enough Americans to interrupt the COVID pandemic, a Harvard public health expert said.},
	language = {en-US},
	urldate = {2022-06-21},
	journal = {Harvard Gazette},
	author = {Writer, Alvin Powell Harvard Staff},
	month = sep,
	year = {2020},
	note = {Section: Health \& Medicine},
}

%---------- ---------- ----------
%Compartmental models in epidemiology
%---------- ---------- ----------

@article{hethcote_mathematics_2000,
	title = {The {Mathematics} of {Infectious} {Diseases}},
	volume = {42},
	issn = {0036-1445},
	url = {https://epubs.siam.org/doi/abs/10.1137/s0036144500371907},
	doi = {10.1137/S0036144500371907},
	number = {4},
	urldate = {2022-05-05},
	journal = {SIAM Review},
	author = {Hethcote, Herbert W.},
	month = jan,
	year = {2000},
	note = {Publisher: Society for Industrial and Applied Mathematics},
	keywords = {34C23, 34C60, 35B32, 35F25, 92D30, basic reproduction number, contact number, epidemiology, infectious diseases, thresholds},
	pages = {599--653},
}

@article{wiratsudakul_dynamics_2018,
	title = {Dynamics of {Zika} virus outbreaks: {An} overview of mathematical modeling approaches},
	volume = {6},
	shorttitle = {Dynamics of {Zika} virus outbreaks},
	doi = {10.7717/peerj.4526},
	journal = {PeerJ},
	author = {Wiratsudakul, Anuwat and Suparit, Parinya and Modchang, Charin},
	month = mar,
	year = {2018},
	pages = {e4526},
}

@article{hethcote_sis_1995,
	title = {An {SIS} epidemic model with variable population size and a delay},
	volume = {34},
	issn = {1432-1416},
	url = {https://doi.org/10.1007/BF00178772},
	doi = {10.1007/BF00178772},
	language = {en},
	number = {2},
	urldate = {2022-06-28},
	journal = {Journal of Mathematical Biology},
	author = {Hethcote, Herbert W. and van den Driessche, P.},
	month = jan,
	year = {1995},
	keywords = {Delay, Epidemiological modeling, Hopf bifurcation, SIS model, Threshold},
	pages = {177--194},
}

@article{van_den_driessche_simple_2000,
	title = {A simple {SIS} epidemic model with a backward bifurcation},
	volume = {40},
	issn = {1432-1416},
	url = {https://doi.org/10.1007/s002850000032},
	doi = {10.1007/s002850000032},
	language = {en},
	number = {6},
	urldate = {2022-06-28},
	journal = {Journal of Mathematical Biology},
	author = {van den Driessche, P. and Watmough, James},
	month = jun,
	year = {2000},
	keywords = {Key words: SIS epidemic model {\textendash} Multiple equilibria {\textendash} Backward bifurcation {\textendash} Nonlinear Volterra integral equation {\textendash} Distributed delay},
	pages = {525--540},
}

@article{dunham2005,
   title = {An Agent-Based Spatially Explicit Epidemiological Model in MASON},
   author = {Dunham, Jill Bigley},
   journal = {Journal of Artificial Societies and Social Simulation},
   ISSN = {1460-7425},
   volume = {9},
   number = {1},
   pages = {3},
   year = {2005},
   URL = {https://www.jasss.org/9/1/3.html},
   keywords = {Epidemiology, Social Networks, Agent-Based Simulation, MASON Toolkit},
}

@article{almeida_epidemiological_2019,
	title = {An epidemiological {MSEIR} model described by the {Caputo} fractional derivative},
	volume = {7},
	issn = {2195-2698},
	url = {https://doi.org/10.1007/s40435-018-0492-1},
	doi = {10.1007/s40435-018-0492-1},
	language = {en},
	number = {2},
	urldate = {2022-06-28},
	journal = {International Journal of Dynamics and Control},
	author = {Almeida, Ricardo and Brito da Cruz, Artur M. C. and Martins, Nat{\'a}lia and Monteiro, M. Teresa T.},
	month = jun,
	year = {2019},
	keywords = {26A33, 37N25, 92D30, Epidemics, Fractional calculus, Fractional differential equations, Local stability, MSEIR model},
	pages = {776--784},
}

@article{arenas_mathematical_2020,
	title = {A mathematical model for the spatiotemporal epidemic spreading of {COVID19}},
	copyright = {{\textcopyright} 2020, Posted by Cold Spring Harbor Laboratory. This pre-print is available under a Creative Commons License (Attribution-NonCommercial-NoDerivs 4.0 International), CC BY-NC-ND 4.0, as described at http://creativecommons.org/licenses/by-nc-nd/4.0/},
	url = {https://www.medrxiv.org/content/10.1101/2020.03.21.20040022v1},
	doi = {10.1101/2020.03.21.20040022},
	language = {en},
	urldate = {2022-06-28},
	publisher = {medRxiv},
	author = {Arenas, Alex and Cota, Wesley and G{\'o}mez-Garde{\~n}es, Jes{\'u}s and G{\'o}mez, Sergio and Granell, Clara and Matamalas, Joan T. and Soriano, David and Steinegger, Benjamin},
	month = mar,
	year = {2020},
	note = {Pages: 2020.03.21.20040022},
}

@article{hove-musekwa_dynamics_2009,
	title = {The dynamics of an {HIV}/{AIDS} model with screened disease carriers},
	volume = {10},
	issn = {1748-670X},
	url = {https://www.tandfonline.com/doi/abs/10.1080/17486700802653917},
	doi = {10.1080/17486700802653917},
	number = {4},
	urldate = {2022-06-28},
	journal = {Computational and Mathematical Methods in Medicine},
	author = {Hove-Musekwa, S.D. and Nyabadza, F.},
	month = dec,
	year = {2009},
	note = {Publisher: Taylor \& Francis \_eprint: \url{https://www.tandfonline.com/doi/pdf/10.1080/17486700802653917}},
	keywords = {34D23, 92B05, 92D30, 93D20, carriers, epidemic model, reproduction number, screening, stability},
	pages = {287--305},
}

@article{guan_transport_2020,
	title = {Transport effect of {COVID}-19 pandemic in {France}},
	volume = {50},
	issn = {1367-5788},
	url = {https://www.sciencedirect.com/science/article/pii/S1367578820300663},
	doi = {10.1016/j.arcontrol.2020.09.009},
	language = {en},
	urldate = {2022-05-25},
	journal = {Annual Reviews in Control},
	author = {Guan, Lina and Prieur, Christophe and Zhang, Liguo and Prieur, Cl{\'e}mentine and Georges, Didier and Bellemain, Pascal},
	month = jan,
	year = {2020},
	keywords = {COVID-19, Network model, Optimization, Pandemic model},
	pages = {394--408},
}

@article{oliver_spatialized_2022,
	title = {Spatialized epidemiological forecasting applied to {Covid}-19 pandemic at departmental scale in {France}},
	volume = {164},
	issn = {0167-6911},
	url = {https://www.sciencedirect.com/science/article/pii/S0167691122000676},
	doi = {10.1016/j.sysconle.2022.105240},
	language = {en},
	urldate = {2022-05-25},
	journal = {Systems \& Control Letters},
	author = {Oliver, Matthieu and Georges, Didier and Prieur, Cl{\'e}mentine},
	month = jun,
	year = {2022},
	keywords = {COVID-19, Data assimilation, Epidemiological forecasting, Model reduction, Pandemic modeling and simulation},
	pages = {105240},
}

@inproceedings{reynolds_flocks_1987,
	address = {New York, NY, USA},
	series = {{SIGGRAPH} '87},
	title = {Flocks, herds and schools: {A} distributed behavioral model},
	isbn = {978-0-89791-227-3},
	shorttitle = {Flocks, herds and schools},
	url = {https://doi.org/10.1145/37401.37406},
	doi = {10.1145/37401.37406},
	booktitle = {Proceedings of the 14th annual conference on {Computer} graphics and interactive techniques},
	publisher = {Association for Computing Machinery},
	author = {Reynolds, Craig W.},
	month = aug,
	year = {1987},
	pages = {25--34},
}

@article{fagnant_travel_2014,
	title = {The travel and environmental implications of shared autonomous vehicles, using agent-based model scenarios},
	volume = {40},
	issn = {0968-090X},
	url = {https://www.sciencedirect.com/science/article/pii/S0968090X13002581},
	doi = {10.1016/j.trc.2013.12.001},
	language = {en},
	urldate = {2022-06-28},
	journal = {Transportation Research Part C: Emerging Technologies},
	author = {Fagnant, Daniel J. and Kockelman, Kara M.},
	month = mar,
	year = {2014},
	pages = {1--13},
}

%---------- ---------- ----------
%Trust
%---------- ---------- ----------

@inproceedings{guha_propagation_2004,
	address = {New York, NY, USA},
	series = {{WWW} '04},
	title = {Propagation of trust and distrust},
	isbn = {978-1-58113-844-3},
	url = {https://doi.org/10.1145/988672.988727},
	doi = {10.1145/988672.988727},
	urldate = {2022-05-05},
	booktitle = {Proceedings of the 13th international conference on {World} {Wide} {Web}},
	publisher = {Association for Computing Machinery},
	author = {Guha, R. and Kumar, Ravi and Raghavan, Prabhakar and Tomkins, Andrew},
	month = may,
	year = {2004},
	keywords = {distrust, trust propagation, web of trust},
	pages = {403--412},
}

@article{gibbs_review_1990,
	title = {Review of {Foundations} of {Social} {Theory}.},
	volume = {69},
	issn = {0037-7732},
	url = {https://www.jstor.org/stable/2579680},
	doi = {10.2307/2579680},
	number = {2},
	urldate = {2022-05-05},
	journal = {Social Forces},
	author = {Gibbs, Jack P.},
	collaborator = {Coleman, James S.},
	year = {1990},
	note = {Publisher: Oxford University Press},
	pages = {625--633},
}

@article{cvetkovich_new_2002,
	title = {New {Information} and {Social} {Trust}: {Asymmetry} and {Perseverance} of {Attributions} about {Hazard} {Managers}},
	volume = {22},
	issn = {1539-6924},
	shorttitle = {New {Information} and {Social} {Trust}},
	url = {https://onlinelibrary.wiley.com/doi/abs/10.1111/0272-4332.00030},
	doi = {10.1111/0272-4332.00030},
	language = {en},
	number = {2},
	urldate = {2022-05-05},
	journal = {Risk Analysis},
	author = {Cvetkovich, George and Siegrist, Michael and Murray, Rachel and Tragesser, Sarah},
	year = {2002},
	keywords = {asymmetry principle, hazardous technologies, perseverance of trust, risk perception, Social trust},
	pages = {359--367},
}

@article{levi_political_2000,
	title = {Political {Trust} and {Trustworthiness}},
	volume = {3},
	issn = {1094-2939, 1545-1577},
	url = {https://www.annualreviews.org/doi/10.1146/annurev.polisci.3.1.475},
	doi = {10.1146/annurev.polisci.3.1.475},
	language = {en},
	number = {1},
	urldate = {2022-05-05},
	journal = {Annual Review of Political Science},
	author = {Levi, Margaret and Stoker, Laura},
	month = jun,
	year = {2000},
	pages = {475--507},
}

@article{devine_trust_2021,
	title = {Trust and the {Coronavirus} {Pandemic}: {What} are the {Consequences} of and for {Trust}? {An} {Early} {Review} of the {Literature}},
	volume = {19},
	issn = {1478-9299},
	shorttitle = {Trust and the {Coronavirus} {Pandemic}},
	url = {https://doi.org/10.1177/1478929920948684},
	doi = {10.1177/1478929920948684},
	language = {en},
	number = {2},
	urldate = {2022-06-27},
	journal = {Political Studies Review},
	author = {Devine, Daniel and Gaskell, Jennifer and Jennings, Will and Stoker, Gerry},
	month = may,
	year = {2021},
	note = {Publisher: SAGE Publications},
	keywords = {coronavirus, COVID-19, political trust, review, social trust},
	pages = {274--285},
}

%---------- ---------- ----------
%Theoretical
%---------- ---------- ----------

@misc{rozier_covidtracker_nodate,
	title = {CovidTracker - {World}},
	language = {fr-FR},
	author = {Guillaume Rozier},
	journal = {CovidTracker},
	howpublished = {\url{https://covidtracker.fr/covidtracker-world/}},
	note = {Accessed: 2022-05-30},
}

@article{altarawneh_protection_2022,
	title = {Protection against the {Omicron} {Variant} from {Previous} {SARS}-{CoV}-2 {Infection}},
	volume = {386},
	issn = {0028-4793},
	url = {https://doi.org/10.1056/NEJMc2200133},
	doi = {10.1056/NEJMc2200133},
	number = {13},
	urldate = {2022-07-04},
	journal = {New England Journal of Medicine},
	author = {Altarawneh, Heba N. and Chemaitelly, Hiam and Hasan, Mohammad R. and Ayoub, Houssein H. and Qassim, Suelen and AlMukdad, Sawsan and Coyle, Peter and Yassine, Hadi M. and Al-Khatib, Hebah A. and Benslimane, Fatiha M. and Al-Kanaani, Zaina and Al-Kuwari, Einas and Jeremijenko, Andrew and Kaleeckal, Anvar H. and Latif, Ali N. and Shaik, Riyazuddin M. and Abdul-Rahim, Hanan F. and Nasrallah, Gheyath K. and Al-Kuwari, Mohamed G. and Butt, Adeel A. and Al-Romaihi, Hamad E. and Al-Thani, Mohamed H. and Al-Khal, Abdullatif and Bertollini, Roberto and Tang, Patrick and Abu-Raddad, Laith J.},
	month = mar,
	year = {2022},
	note = {Publisher: Massachusetts Medical Society \_eprint: \url{https://doi.org/10.1056/NEJMc2200133}},
	pages = {1288--1290},
}

@article{wong_high_2020,
	title = {High proportion of asymptomatic and presymptomatic {COVID}-19 infections in air passengers to {Brunei}},
	volume = {27},
	issn = {1708-8305},
	url = {https://doi.org/10.1093/jtm/taaa066},
	doi = {10.1093/jtm/taaa066},
	number = {5},
	urldate = {2022-07-04},
	journal = {Journal of Travel Medicine},
	author = {Wong, Justin and Abdul Aziz, Anita B Z and Chaw, Liling and Mahamud, Abdirahman and Griffith, Matthew M and Lo, Ying-Ru and Naing, Lin},
	month = aug,
	year = {2020},
	pages = {taaa066},
}

@article{faes_time_2020,
	title = {Time between {Symptom} {Onset}, {Hospitalisation} and {Recovery} or {Death}: {Statistical} {Analysis} of {Belgian} {COVID}-19 {Patients}},
	volume = {17},
	issn = {1661-7827},
	shorttitle = {Time between {Symptom} {Onset}, {Hospitalisation} and {Recovery} or {Death}},
	url = {https://www.ncbi.nlm.nih.gov/pmc/articles/PMC7589278/},
	doi = {10.3390/ijerph17207560},
	number = {20},
	urldate = {2022-07-04},
	journal = {International Journal of Environmental Research and Public Health},
	author = {Faes, Christel and Abrams, Steven and Van Beckhoven, Dominique and Meyfroidt, Geert and Vlieghe, Erika and Hens, Niel},
	month = oct,
	year = {2020},
	pmid = {33080869},
	pmcid = {PMC7589278},
	pages = {7560},
}

@misc{who_vaccine_advice_2022,
	title = {{COVID}-19 {Vaccines} {Advice}},
	author = {World Health Organization},
	date-modified = {2022-04-13},
	language = {en},
    year = 2022,
	howpublished = {\url{https://www.who.int/emergencies/diseases/novel-coronavirus-2019/covid-19-vaccines/advice}},
	note = {Accessed: 2022-06-16},
}

@misc{francetvinfo_morts_vaccines_2021,
	title = {{VRAI} {OU} {FAKE}. {Y} a-t-il 63\% de vaccin{\'e}s parmi les morts du {Covid}-19 {\`a} l'h{\^o}pital, comme l'affirme {Philippe} de {Villiers} ?},
	url = {https://www.francetvinfo.fr/sante/maladie/coronavirus/vaccin/vrai-ou-fake-y-a-t-il-63-de-vaccines-parmi-les-morts-du-covid-19-a-l-hopital-comme-l-affirme-philippe-de-villiers_4889151.html},
	language = {fr-FR},
	urldate = {2022-06-09},
	journal = {Franceinfo},
	author = {France T{\'e}l{\'e}visions},
	month = dec,
	year = {2021},
}

@misc{lesoir_infographie_hospitalises_vaccines_2021,
	title = {Coronavirus: l'infographie pour comprendre pourquoi les adultes non vaccin{\'e}s sont surrepr{\'e}sent{\'e}s dans nos h{\^o}pitaux},
	shorttitle = {Coronavirus},
	url = {https://www.lesoir.be/408017/article/2021-11-23/coronavirus-linfographie-pour-comprendre-pourquoi-les-adultes-non-vaccines-sont},
	language = {fr},
	urldate = {2022-06-09},
	journal = {Le Soir},
	author = {Le Soir},
	month = nov,
	year = {2021},
}

%---------- ---------- ----------
%Practical
%---------- ---------- ----------

@misc{covprehension_question_17_2020,
	author = {Adam, Carole and Arduin, H{\'e}l{\`e}ne},
	title = {Question 17: {Let}'s test people! {Sure}, but who, when and how? - {CoVprehension}},
	shorttitle = {Question 17},
	howpublished = {\url{https://covprehension.org/2020/05/12/q17.html}},
	month = may,
	year = {2020},
}

@inproceedings{adam:hal-03613433,
    title = {{Finding and explaining optimal screening strategies with limited tests during the COVID-19 epidemics}},
    author = {Adam, Carole and Arduin, H{\'e}l{\`e}ne},
    url = {https://hal.archives-ouvertes.fr/hal-03613433},
    booktitle = {{19th International Conference on Information Systems for Crisis Response and Management ISCRAM}},
    address = {Tarbes, France},
    year = {2022},
    month = May,
    keywords = {Agent-based simulation ; screening strategies ; epidemics modelling ; COVID-19},
    pdf = {https://hal.archives-ouvertes.fr/hal-03613433/file/adam-arduin-final.pdf},
    hal_id = {hal-03613433},
    hal_version = {v1},
}

@techreport{wilensky_netlogo_1999,
    added-at = {2010-03-02T17:25:53.000+0100},
    address = {Northwestern University, Evanston, IL},
    author = {Wilensky, Uri},
    bdsk-url-1 = {http://ccl.northwestern.edu/netlogo/},
    biburl = {https://www.bibsonomy.org/bibtex/25ab5c4c2b9fcef2df0928eb3c241f114/jrennstich},
    date-added = {2010-02-19 07:37:44 -0600},
    date-modified = {2010-02-28 21:03:37 -0500},
    institution = {Center for Connected Learning and Computer-Based Modeling},
    interhash = {605b6b5c9e21b6953f8cf3f5336d20f8},
    intrahash = {5ab5c4c2b9fcef2df0928eb3c241f114},
    keywords = {agent-based methodology modeling simulation},
    timestamp = {2010-03-08T19:44:40.000+0100},
    title = {NetLogo},
    type = {http://ccl.northwestern.edu/netlogo/},
    url = {http://ccl.northwestern.edu/netlogo/},
    year = 1999
}

@article{nickerson_confirmation_1998,
	title = {Confirmation {Bias}: {A} {Ubiquitous} {Phenomenon} in {Many} {Guises}},
	volume = {2},
	issn = {1089-2680},
	shorttitle = {Confirmation {Bias}},
	url = {https://doi.org/10.1037/1089-2680.2.2.175},
	doi = {10.1037/1089-2680.2.2.175},
	language = {en},
	number = {2},
	urldate = {2022-06-09},
	journal = {Review of General Psychology},
	author = {Nickerson, Raymond S.},
	month = jun,
	year = {1998},
	note = {Publisher: SAGE Publications Inc},
	pages = {175--220},
}

%---------- ---------- ----------
%Discussion
%---------- ---------- ----------

@misc{davies_fake_covid_passes_2021,
	chapter = {Business},
	title = {Fake {Covid} passes advertised for sale online},
	howpublished = {\url{https://www.bbc.com/news/business-59725531}},
	language = {en-GB},
	urldate = {2022-06-29},
	journal = {BBC News},
	author = {Davies, Caroline and Devlin, Kayleen},
	month = dec,
	year = {2021},
}

@misc{cnn_germany_fake_vaccines_2021,
	title = {German nurse accused of swapping {Covid} vaccines for saline},
	howpublished = {\url{https://www.cnn.com/2021/08/11/europe/german-nurse-saline-solution-vaccine-scli-intl-grm/index.html}},
	year = {2021},
	month = aug,
	urldate = {2022-06-29},
	journal = {CNN},
	author = {CNN, Nadine Schmidt {and} Jack Guy, Hannah Ritchie},
}

@misc{tondo_italy_fake_vaccines_2022,
	chapter = {World news},
	title = {Italian nurse accused of giving fake {Covid} jabs to anti-vaxxers arrested},
	issn = {0261-3077},
	howpublished = {\url{https://www.theguardian.com/world/2022/jan/16/italian-nurse-accused-of-giving-fake-covid-jabs-to-anti-vaxxers}},
	language = {en-GB},
	urldate = {2022-06-29},
	journal = {The Guardian},
	author = {Tondo, Lorenzo},
	month = jan,
	year = {2022},
	keywords = {Coronavirus, Europe, Health, Italy, Society, Vaccines and immunisation, World news},
}

@inproceedings{grignard_gama_2013,
	address = {Berlin, Heidelberg},
	series = {Lecture {Notes} in {Computer} {Science}},
	title = {{GAMA} 1.6: {Advancing} the {Art} of {Complex} {Agent}-{Based} {Modeling} and {Simulation}},
	isbn = {978-3-642-44927-7},
	shorttitle = {{GAMA} 1.6},
	doi = {10.1007/978-3-642-44927-7_9},
	language = {en},
	booktitle = {{PRIMA} 2013: {Principles} and {Practice} of {Multi}-{Agent} {Systems}},
	publisher = {Springer},
	author = {Grignard, Arnaud and Taillandier, Patrick and Gaudou, Benoit and Vo, Duc An and Huynh, Nghi Quang and Drogoul, Alexis},
	editor = {Boella, Guido and Elkind, Edith and Savarimuthu, Bastin Tony Roy and Dignum, Frank and Purvis, Martin K.},
	year = {2013},
	keywords = {Agent-based modeling, complex systems, GIS, multi-level, ODE, platform, simulation, visualization},
	pages = {117--131},
}

@article{sheehan_trust_2020,
	title = {Trust in the nurse: {Findings} from a survey of hospitalised children},
	volume = {29},
	issn = {1365-2702},
	shorttitle = {Trust in the nurse},
	url = {https://onlinelibrary.wiley.com/doi/abs/10.1111/jocn.15466},
	doi = {10.1111/jocn.15466},
	language = {en},
	number = {21-22},
	urldate = {2022-06-29},
	journal = {Journal of Clinical Nursing},
	author = {Sheehan, Rosemarie and Fealy, Gerard},
	year = {2020},
	note = {\_eprint: https://onlinelibrary.wiley.com/doi/pdf/10.1111/jocn.15466},
	keywords = {adherence, children, children's nurse, fear, hospital, parent, trust, trust scale},
	pages = {4289--4299},
}

@article{okeeffe_impact_2011,
	title = {The {Impact} of {Social} {Media} on {Children}, {Adolescents}, and {Families}},
	volume = {127},
	issn = {0031-4005},
	url = {https://doi.org/10.1542/peds.2011-0054},
	doi = {10.1542/peds.2011-0054},
	number = {4},
	urldate = {2022-06-29},
	journal = {Pediatrics},
	author = {O'Keeffe, Gwenn Schurgin and Clarke-Pearson, Kathleen and {Council on Communications and Media}},
	month = apr,
	year = {2011},
	pages = {800--804},
}

@article{roozenbeek_susceptibility_2020,
	title = {Susceptibility to misinformation about {COVID}-19 around the world},
	volume = {7},
	url = {https://royalsocietypublishing.org/doi/full/10.1098/rsos.201199},
	doi = {10.1098/rsos.201199},
	number = {10},
	year = {2020},
	urldate = {2022-08-02},
	journal = {Royal Society Open Science},
	author = {Roozenbeek, Jon and Schneider, Claudia R. and Dryhurst, Sarah and Kerr, John and Freeman, Alexandra L. J. and Recchia, Gabriel and van der Bles, Anne Marthe and van der Linden, Sander},
	keywords = {COVID-19, misinformation, fake news, vaccine hesitancy},
	pages = {201199},
}
